% This file was created with JabRef 2.9.2.
% Encoding: UTF8

@MISC{smarty,
  author = {smarty.net},
  title = {Smarty},
  owner = {guoyu},
  timestamp = {2013.12.09},
  url = {http://www.smarty.net/}
}

@MISC{php_session_lifecycle,
  author = {La Vida es Sueño},
  title = {Understanding the Life of a Session},
  year = {2007},
  owner = {La Vida es Sueño},
  timestamp = {2007.09.11},
  url = {http://www.talkphp.com/general/1077-understanding-life-session.html}
}

@MISC{php_wiki,
  author = {Wikipedia},
  title = {PHP: Hypertext Preprocessor},
  year = {1994},
  owner = {guoyu},
  timestamp = {2013.11.22},
  url = {http://en.wikipedia.org/wiki/PHP}
}

